% chktex-file 8

@String (PAMI = {IEEE Trans. Pattern Anal. Mach. Intell.})
@String (IJCV = {Int. J. Comput. Vis.})
@String (CVPR= {IEEE Conf. Comput. Vis. Pattern Recog.})
@String (ICCV= {Int. Conf. Comput. Vis.})
@String (ECCV= {Eur. Conf. Comput. Vis.})
@String (NIPS= {Adv. Neural Inform. Process. Syst.})
@String (ICPR = {Int. Conf. Pattern Recog.})
@String (BMVC= {Brit. Mach. Vis. Conf.})
@String (TOG= {ACM Trans. Graph.})
@String (TIP  = {IEEE Trans. Image Process.})
@String (TVCG  = {IEEE Trans. Vis. Comput. Graph.})
@String (TMM  = {IEEE Trans. Multimedia})
@String (ACMMM= {ACM Int. Conf. Multimedia})
@String (ICME = {Int. Conf. Multimedia and Expo})
@String (ICASSP=	{ICASSP})
@String (ICIP = {IEEE Int. Conf. Image Process.})
@String (ACCV  = {ACCV})
@String (ICLR = {Int. Conf. Learn. Represent.})
@String (IJCAI = {IJCAI})
@String (PR   = {Pattern Recognition})
@String (AAAI = {AAAI})
@String (CVPRW= {IEEE Conf. Comput. Vis. Pattern Recog. Worksh.})
@String (CSVT = {IEEE Trans. Circuit Syst. Video Technol.})

@String (SPL	= {IEEE Sign. Process. Letters})
@String (VR   = {Vis. Res.})
@String (JOV	 = {J. Vis.})
@String (TVC  = {The Vis. Comput.})
@String (JCST  = {J. Comput. Sci. Tech.})
@String (CGF  = {Comput. Graph. Forum})
@String (CVM = {Computational Visual Media})


@String (PAMI  = {IEEE TPAMI})
@String (IJCV  = {IJCV})
@String (CVPR  = {CVPR})
@String (ICCV  = {ICCV})
@String (ECCV  = {ECCV})
@String (NIPS  = {NeurIPS})
@String (ICPR  = {ICPR})
@String (BMVC  =	{BMVC})
@String (TOG   = {ACM TOG})
@String (TIP   = {IEEE TIP})
@String (TVCG  = {IEEE TVCG})
@String (TCSVT = {IEEE TCSVT})
@String (TMM   =	{IEEE TMM})
@String (ACMMM = {ACM MM})
@String (ICME  =	{ICME})
@String (ICASSP=	{ICASSP})
@String (ICIP  = {ICIP})
@String (ACCV  = {ACCV})
@String (ICLR  = {ICLR})
@String (IJCAI = {IJCAI})
@String (PR = {PR})
@String (AAAI = {AAAI})
@String (CVPRW= {CVPRW})
@String (CSVT = {IEEE TCSVT})


@misc{nihoverweightobesity,
    title={{O}verweight \& {O}besity {S}tatistics -- {N}{I}{D}{D}{K} -- niddk.nih.gov},
    url={https://www.niddk.nih.gov/health-information/health-statistics/overweight-obesity},
    journal={NIDDK},
    publisher={NIDDK},
    author={NIDDK},
    year={2024},
    month={Oct},
}

@misc{worldpopulationreviewfastfood,
    title={{F}ast {F}ood {C}onsumption by {C}ountry 2024 --- worldpopulationreview.com},
    url={https://worldpopulationreview.com/country-rankings/fast-food-consumption-by-country},
    journal={WorldPopulationReview},
    publisher={WorldPopulationReview},
    author={WorldPopulationReview},
    year={2024},
    month={Oct},
}

@misc{im2calories,
    title={Im2Calories : Towards an Automated Mobile Vision Food Diary},
    author={Austin Myers and Nick Johnston and Vivek Rathod and Anoop Korattikara and Alex Gorban and Nathan Silberman and Sergio Guadarrama and George Papandreou and Jonathan Huang and Kevin Murphy},
    booktitle={Proceedings of the IEEE International Conference on Computer Vision (ICCV)},
    year={2015},
    url={https://research.google/pubs/im2calories-towards-an-automated-mobile-vision-food-diary/},
    publisher={IEEE}
}

@misc{foodai2024,
    title={FoodAI : State-of-the-Art Food Image Recognition Technologies},
    author={Steven Hoi and the R\&D team at the School of Computing and Information Systems, Singapore Management University},
    year={2024},
    url={https://foodai.org/},
    note={Offers cutting-edge food image recognition technology covering 756 visual food classes, focusing on AI advancements in food and healthcare in Singapore.}
}

@misc{fasterrcnn,
    title={Faster R-CNN : Towards Real-Time Object Detection with Region Proposal Networks},
    author={Shaoqing Ren and Kaiming He and Ross Girshick and Jian Sun},
    booktitle={Proceedings of the IEEE International Conference on Computer Vision (ICCV)},
    year={2015},
    url={https://doi.org/10.48550/arXiv.1506.01497},
    note={Extended tech report, submitted on 4 Jun 2015, revised on 6 Jan 2016}
}

@misc{menunet,
    title={MenuNet : Restaurant Menu Management Software},
    author={Trabon},
    year={2024},
    url={https://www.trabongroup.com/menu-management/menunet/}
}



@misc{madima2017,
    title={MADiMa 2017 : Workshop on AI and Computer Vision for Diet and Nutrition},
    author={MADiMa Organizing Committee},
    year={2017},
    month={Sep},
    url={https://madima.org/madima2017/},
    journal={19th International Conference on Image Analysis and Processing},
    publisher={IAPR}
}

@misc{redmon2016lookonceunifiedrealtime,
    title={You Only Look Once: Unified, Real-Time Object Detection}, 
    author={Joseph Redmon and Santosh Divvala and Ross Girshick and Ali Farhadi},
    year={2016},
    eprint={1506.02640},
    archivePrefix={arXiv},
    primaryClass={cs.CV},
    url={https://arxiv.org/abs/1506.02640}, 
}

@misc{he2015deepresiduallearningimage,
    title={Deep Residual Learning for Image Recognition}, 
    author={Kaiming He and Xiangyu Zhang and Shaoqing Ren and Jian Sun},
    year={2015},
    eprint={1512.03385},
    archivePrefix={arXiv},
    primaryClass={cs.CV},
    url={https://arxiv.org/abs/1512.03385}, 
}

@misc{chollet2017xceptiondeeplearningdepthwise,
    title={Xception: Deep Learning with Depthwise Separable Convolutions}, 
    author={François Chollet},
    year={2017},
    eprint={1610.02357},
    archivePrefix={arXiv},
    primaryClass={cs.CV},
    url={https://arxiv.org/abs/1610.02357}, 
}

@misc{ultralytics2024transferlearning,
    title={Transfer learning with frozen layers},
    url={https://docs.ultralytics.com/yolov5/tutorials/transfer_learning_with_frozen_layers/#freeze-backbone},
    journal={Ultralytics YOLO Docs},
    publisher={Ultralytics},
    author={Ultralytics},
    year={2024},
    month={Oct}
}

@misc{lin2015microsoftcococommonobjects,
    title={Microsoft COCO:\ Common Objects in Context}, 
    author={Tsung-Yi Lin and Michael Maire and Serge Belongie and Lubomir Bourdev and Ross Girshick and James Hays and Pietro Perona and Deva Ramanan and C. Lawrence Zitnick and Piotr Dollár},
    year={2015},
    eprint={1405.0312},
    archivePrefix={arXiv},
    primaryClass={cs.CV},
    url={https://arxiv.org/abs/1405.0312}, 
}

@misc{ultralytics2024finetuning,
    title={Tips for Fine-Tuning Your Model},
    url={https://docs.ultralytics.com/guides/model-evaluation-insights/#tips-for-fine-tuning-your-model},
    journal={Ultralytics YOLO Docs},
    publisher={Ultralytics},
    author={Ultralytics},
    year={2024},
    month={Oct}
}

@misc{torchlibrary,
    title={PyTorch Library},
    url={https://pytorch.org/},
    journal={PyTorch Library Docs},
    publisher={PyTorch},
    author={PyTorch},
    year={2024},
    month={Oct}
}

@article{mishra2022allergen30,
    title={Allergen30: Detecting Food Items with Possible Allergens Using Deep Learning-Based Computer Vision},
    author={Mishra, Mayank and Sarkar, Tanmay and Choudhury, Tanupriya and Bansal, Nikunj and Smaoui, Slim and Rebezov, Maksim and Shariati, Mohammad Ali and Lorenzo, Jose Manuel},
    journal={Food Analytical Methods},
    pages={1--34},
    year={2022},
    publisher={Springer}
}

@data{yvk7qk3820,
    doi={10.21227/yvk7-qk38},
    url={https://dx.doi.org/10.21227/yvk7-qk38},
    author={Pouladzadeh, Parisa and Yassine, Abdulsalam and Shirmohammadi, Shervin},
    publisher={IEEE Dataport},
    title={FooDD:\ Food Detection Dataset for Calorie Measurement Using Food Images},
    year={2020}
}

